<record xmlns="http://www.loc.gov/MARC21/slim" xmlns:xsi="http://www.w3.org/2001/XMLSchema-instance" xsi:schemaLocation="http://www.loc.gov/MARC21/slim http://www.loc.gov/standards/marcxml/schema/MARC21slim.xsd"><leader>01792nam a2200313   4500</leader><controlfield tag="001">3088766</controlfield><controlfield tag="003">NNC</controlfield><controlfield tag="006">m        d        </controlfield><controlfield tag="007">cr cn |||m|||a</controlfield><controlfield tag="008">150110s1903    ua      o     000 0 ara d</controlfield><datafield ind1=" " ind2=" " tag="040"><subfield code="a">NNU</subfield><subfield code="b">eng</subfield><subfield code="e">rda</subfield><subfield code="c">NNU</subfield></datafield><datafield ind1="0" ind2=" " tag="100"><subfield code="6">880-01</subfield><subfield code="a">Muh&#803;ammad Mahdi&#772; Kha&#772;n,</subfield><subfield code="d">-1914 or 1915.</subfield></datafield><datafield ind1="1" ind2="0" tag="245"><subfield code="6">880-02</subfield><subfield code="a">Mifta&#772;b ba&#772;b al-abwa&#772;b /</subfield><subfield code="c">ta&#700;li&#772;f Za&#699;i&#772;m al-Dawlah al-Duktu&#772;r Mi&#772;rza Muh&#803;ammad Mahdi&#772; Kha&#772;n Ra&#700;i&#772;s al-H&#803;ukama&#772;&#700; al-I&#772;ra&#772;ni&#772; al-A&#772;dharba&#772;yja&#772;ni&#772; al-Tibri&#772;zi&#772; (nazi&#772;l Mis&#803;r-al-Qa&#772;hirah).</subfield></datafield><datafield ind1=" " ind2=" " tag="260"><subfield code="6">880-03</subfield><subfield code="a">Mis&#803;r :</subfield><subfield code="b">Mat&#803;ba&#699;at Majallat "al-Mana&#772;r" al-Isla&#772;mi&#772;yah,</subfield><subfield code="c">1321 [1903]</subfield></datafield><datafield ind1=" " ind2=" " tag="300"><subfield code="a">online resource (440, 8 pages)</subfield></datafield><datafield ind1=" " ind2=" " tag="336"><subfield code="a">text</subfield><subfield code="2">rdacontent</subfield></datafield><datafield ind1=" " ind2=" " tag="337"><subfield code="a">computer</subfield><subfield code="2">rdamedia</subfield></datafield><datafield ind1=" " ind2=" " tag="338"><subfield code="a">online resource</subfield><subfield code="2">rdacarrier</subfield></datafield><datafield ind1=" " ind2=" " tag="500"><subfield code="a">Part of the Arabic Collections Online (ACO) project, contributed by Columbia University Libraries.</subfield></datafield><datafield ind1=" " ind2=" " tag="533"><subfield code="a">Electronic reproduction.</subfield><subfield code="b">New York, N.Y. :</subfield><subfield code="c">New York University,</subfield><subfield code="d">2015.</subfield><subfield code="5">NNU</subfield></datafield><datafield ind1="2" ind2=" " tag="710"><subfield code="a">Columbia University.</subfield><subfield code="b">Libraries.</subfield></datafield><datafield ind1="0" ind2=" " tag="730"><subfield code="a">Arabic Collections Online.</subfield></datafield><datafield ind1="0" ind2="8" tag="776"><subfield code="i">Print version:</subfield><subfield code="a">Muh&#803;ammad Mahdi&#772; Kha&#772;n, -1914 or 1915.</subfield><subfield code="t">Mifta&#772;b ba&#772;b al-abwa&#772;b</subfield><subfield code="w">(NNC)3088766</subfield><subfield code="w">(OCoLC)47997611</subfield></datafield><datafield ind1="4" ind2="0" tag="856"><subfield code="u">http://hdl.handle.net/2333.1/gqnk9bnf</subfield></datafield><datafield ind1="0" ind2=" " tag="880"><subfield code="6">100-01/r</subfield><subfield code="a">&#1605;&#1581;&#1605;&#1583; &#1605;&#1607;&#1583;&#1610; &#1582;&#1575;&#1606;&#1548;</subfield><subfield code="d">-1914 or 1915.</subfield></datafield><datafield ind1="1" ind2="0" tag="880"><subfield code="6">245-02/r</subfield><subfield code="a">&#1605;&#1601;&#1578;&#1575;&#1576; &#1576;&#1575;&#1576; &#1575;&#1604;&#1575;&#1576;&#1608;&#1575;&#1576; /</subfield><subfield code="c">&#1578;&#1571;&#1604;&#1610;&#1601; &#1586;&#1593;&#1610;&#1605; &#1575;&#1604;&#1583;&#1608;&#1604;&#1577; &#1575;&#1604;&#1583;&#1603;&#1578;&#1608;&#1585; &#1605;&#1610;&#1585;&#1586; &#1605;&#1581;&#1605;&#1583; &#1605;&#1607;&#1583;&#1610; &#1582;&#1575;&#1606; &#1585;&#1574;&#1610;&#1587; &#1575;&#1604;&#1581;&#1603;&#1605;&#1575;&#1569; &#1575;&#1604;&#1575;&#1585;&#1575;&#1606;&#1610; &#1575;&#1604;&#1575;&#1584;&#1585;&#1576;&#1575;&#1610;&#1580;&#1575;&#1606;&#1610; &#1575;&#1604;&#1578;&#1576;&#1585;&#1610;&#1586;&#1610; (&#1606;&#1586;&#1610;&#1604; &#1605;&#1589;&#1585;&#1575;&#1604;&#1602;&#1575;&#1607;&#1585;&#1607;).</subfield></datafield><datafield ind1=" " ind2=" " tag="880"><subfield code="6">260-03/r</subfield><subfield code="a">&#1605;&#1589;&#1585; :</subfield><subfield code="b">&#1605;&#1591;&#1576;&#1593;&#1577; &#1605;&#1580;&#1604;&#1577; "&#1575;&#1604;&#1605;&#1606;&#1575;&#1585;" &#1575;&#1604;&#1575;&#1587;&#1604;&#1575;&#1605;&#1610;&#1577;&#1548;</subfield><subfield code="c">1321 [1903]</subfield></datafield><datafield ind1=" " ind2=" " tag="959"><subfield code="a">NNU</subfield><subfield code="b">WEB</subfield><subfield code="c">GENI</subfield><subfield code="t">0</subfield><subfield code="m">Electronic access</subfield><subfield code="s">01</subfield></datafield><datafield ind1=" " ind2=" " tag="999"><subfield code="i">NNC_3088766</subfield><subfield code="o">(OCoLC)47997611</subfield></datafield></record>